
<record>
  <controlfield tag="001">610925</controlfield>
  <datafield tag="035" ind1=" " ind2=" ">
    <subfield code="a">Bini:2002zz</subfield>
    <subfield code="9">SPIRESTeX</subfield>
  </datafield>
  <datafield tag="710" ind1=" " ind2=" ">
    <subfield code="g">KLOE</subfield>
  </datafield>
  <datafield tag="245" ind1=" " ind2=" ">
    <subfield code="a">Results from the KLOE experiment</subfield>
  </datafield>
</record>