
<record>
  <controlfield tag="001">607106</controlfield>
  <datafield tag="035" ind1=" " ind2=" ">
    <subfield code="z">D03-09093</subfield>
    <subfield code="9">DESY</subfield>
  </datafield>
  <datafield tag="035" ind1=" " ind2=" ">
    <subfield code="a">Miscetti:2002tq</subfield>
    <subfield code="9">SPIRESTeX</subfield>
  </datafield>
  <datafield tag="710" ind1=" " ind2=" ">
    <subfield code="g">KLOE</subfield>
  </datafield>
  <datafield tag="037" ind1=" " ind2=" ">
    <subfield code="a">SSI-2002-TW04</subfield>
  </datafield>
  <datafield tag="245" ind1=" " ind2=" ">
    <subfield code="a">Recent results from the KLOE experiment</subfield>
  </datafield>
</record>

</collection>